<record><leader>00000cas a22000007a 4500</leader><controlfield tag="001">22644007</controlfield><controlfield tag="008">901107d19241928mnudn ne      0    0eng d</controlfield><datafield ind1=" " ind2=" " tag="010"><subfield code="a">sn 90060406 </subfield></datafield><datafield ind1=" " ind2=" " tag="040"><subfield code="a">MN#</subfield><subfield code="b">eng</subfield><subfield code="c">MN#</subfield><subfield code="d">OCLCQ</subfield><subfield code="d">OCLCF</subfield><subfield code="d">OCLCO</subfield></datafield><datafield ind1="1" ind2=" " tag="029"><subfield code="a">AU@</subfield><subfield code="b">000025907598</subfield></datafield><datafield ind1=" " ind2=" " tag="042"><subfield code="a">msc</subfield></datafield><datafield ind1=" " ind2=" " tag="043"><subfield code="a">n-us-mn</subfield></datafield><datafield ind1=" " ind2=" " tag="052"><subfield code="a">4144</subfield><subfield code="b">M5</subfield></datafield><datafield ind1="0" ind2=" " tag="130"><subfield code="a">Minneapolis daily star (Minneapolis, Minn. : Home ed.)</subfield></datafield><datafield ind1="1" ind2="0" tag="245"><subfield code="a">Minneapolis daily star.</subfield></datafield><datafield ind1=" " ind2=" " tag="250"><subfield code="a">Home ed.</subfield></datafield><datafield ind1=" " ind2=" " tag="260"><subfield code="a">Minneapolis, Minn. :</subfield><subfield code="b">Minneapolis Daily Star Co.,</subfield><subfield code="c">1924-1928.</subfield></datafield><datafield ind1=" " ind2=" " tag="300"><subfield code="a">8 v.</subfield></datafield><datafield ind1=" " ind2=" " tag="310"><subfield code="a">Daily (except Sunday)</subfield></datafield><datafield ind1="0" ind2=" " tag="362"><subfield code="a">Vol. 6, no. 115 (July 1, 1924)-v. 13, no. 129 (Jan. 16, 1928).</subfield></datafield><datafield ind1=" " ind2=" " tag="530"><subfield code="a">Available on microfilm from the Minnesota Historical Society.</subfield></datafield><datafield ind1=" " ind2="0" tag="651"><subfield code="a">Minneapolis (Minn.)</subfield><subfield code="v">Newspapers.</subfield></datafield><datafield ind1=" " ind2="7" tag="655"><subfield code="a">Newspapers.</subfield><subfield code="2">fast</subfield><subfield code="0">(OCoLC)fst01423814</subfield></datafield><datafield ind1=" " ind2="7" tag="651"><subfield code="a">Minnesota</subfield><subfield code="z">Minneapolis.</subfield><subfield code="2">fast</subfield><subfield code="0">(OCoLC)fst01204260</subfield></datafield><datafield ind1=" " ind2=" " tag="752"><subfield code="a">United States</subfield><subfield code="b">Minnesota</subfield><subfield code="c">Hennepin</subfield><subfield code="d">Minneapolis.</subfield></datafield><datafield ind1="0" ind2=" " tag="775"><subfield code="t">Minneapolis daily star (Minneapolis, Minn. : Mail ed.)</subfield><subfield code="w">(DLC)sn 83045365</subfield></datafield><datafield ind1="0" ind2="0" tag="780"><subfield code="t">Minnesota daily star</subfield><subfield code="w">(DLC)sn 83045364</subfield></datafield><datafield ind1="0" ind2="0" tag="785"><subfield code="t">Minneapolis star (Minneapolis, Minn. : 1928 : Home ed.)</subfield><subfield code="w">(DLC)sn 90060576</subfield></datafield></record>